% https://nvlpubs.nist.gov/nistpubs/fips/nist.fips.197.pdf AES FIPS
@article{FIPS,
    author = {{National Institute of Standards and Technology}},
    title  = {Advanced Encryption Standard (AES)},
    subtitle = {Federal Information Processing Standards Publication (FIPS) publication 197},
    year   = {2001},
    doi    = {10.6028/NIST.FIPS.197},
}
% http://www.ijctee.org/files/VOLUME4ISSUE3/IJCTEE_0314_04.pdf
@article{TBOX,
    author = {Harshada M. Auti and P.V. Srinivas Shastry and Dr. Mukul S. Sutaone},
    title  = {Implementation of AES Encryption and Decryption using T-Boxes on FPGA},
    journal = {International Journal of Computer Technology and Electronics Engineering (IJCTEE)},
    year   = {2014},
    volume = {4},
    number = {3},
    issn   = {2249-6343},
    url    = {http://www.ijctee.org/files/VOLUME4ISSUE3/IJCTEE_0314_04.pdf},
    urldate = {2019-04-21},
}
% http://sites.nyuad.nyu.edu/moma/pdfs/moma-project-cache-timing-attacks-on-aes.pdf Wei Liu et al.
@article{WEI,
  author = {Wei, Liu and Di Segni, Asriel and Ding, Ye and Zhang, Teng},
  title  = {Cache-timing Attacks on AES},
  year   = {2013},
  url    = {http://sites.nyuad.nyu.edu/moma/pdfs/moma-project-cache-timing-attacks-on-aes.pdf},
  urldate = {2019-04-21},
}
% https://eprint.iacr.org/2018/1002.pdf C Ashokkumar et al.
@article{ASHOKKUMAR,
  author = {Ashokkumar, C and Roy, Bholanath and Venkatesh, M Bhargav Sri and Menezes, Bernard L},
  title  = {“S-Box” Implementation of AES is NOT side channel resistant},
  journal={IACR Cryptology ePrint Archive},
  year   = {2018},
  url    = {https://eprint.iacr.org/2018/1002.pdf},
  urldate = {2019-04-21},
}
% https://eprint.iacr.org/2016/970.pdf Liwei Zhang et al.
@article{ZHANG,
  title={Statistical Analysis for Access-Driven Cache Attacks Against AES},
  author={Zhang, Liwei and Ding, A Adam and Fei, Yunsi and Jiang, Zhen Hang},
  journal={IACR Cryptology ePrint Archive},
  year={2016},
  url    = {https://eprint.iacr.org/2016/970.pdf},
  urldate = {2019-04-21},
}

% https://web.archive.org/web/20120905154705/http://research.microsoft.com/en-us/projects/cryptanalysis/aesbc.pdf Andrey Bogdanov et al.
@inproceedings{bogdanov2011biclique,
  title={Biclique cryptanalysis of the full AES},
  author={Bogdanov, Andrey and Khovratovich, Dmitry and Rechberger, Christian},
  booktitle={International Conference on the Theory and Application of Cryptology and Information Security},
  pages={344--371},
  year={2011},
  organization={Springer},
  doi = {10.1007/978-3-642-25385-0_19}
}

@article{bernstein2005cache,
  title={Cache-timing attacks on AES},
  author={Bernstein, Daniel J},
  year={2005},
  url = {http://palms.ee.princeton.edu/system/files/Cache-timing+attacks+on+AES.pdf},
  urldate = {2019-04-21}
}

@article{kocher1996,
  title={Timing Attacks on Implementations of Diffie-Hellman, RSA, DSS, and Other Systems},
  author={Kocher, Paul C.},
  year={1996},
  url={https://www.paulkocher.com/doc/TimingAttacks.pdf},
  urldate={2019-05-12}
}

@misc{kernelASLR,
  title={Documentation for /proc/sys/kernel/*},
  url={https://www.kernel.org/doc/Documentation/sysctl/kernel.txt},
  urldate={2019-05-13}
}

@misc{IntelAESNI,
  title={Intel® Advanced Encryption Standard Instructions (AES-NI)},
  url={https://software.intel.com/en-us/articles/intel-advanced-encryption-standard-instructions-aes-ni},
  urldate={2019-05-15}
}
